@article{einstein,
    author =       "Albert Einstein",
    title =        "{Zur Elektrodynamik bewegter K{\"o}rper}. ({German})
        [{On} the electrodynamics of moving bodies]",
    journal =      "Annalen der Physik",
    volume =       "322",
    number =       "10",
    pages =        "891--921",
    year =         "1905",
    DOI =          "http://dx.doi.org/10.1002/andp.19053221004"
}



@misc{HUnit,
    author    = "Donald Knuth",
    title     = "HUnit: A unit testing framework for Haskell",
    url       = "https://hackage.haskell.org/package/HUnit"
}


@misc{System.Random,
    author    = "Donald Knuth",
    title     = "System.Random",
    url       = "https://hackage.haskell.org/package/random-1.2.0/docs/System-Random.html"
}